@book{DBLP:books/aw/Knuth73a,
  author    = {Donald E. Knuth},
  title     = {The Art of Computer Programming, Volume I: Fundamental Algorithms,
               2nd Edition},
  publisher = {Addison-Wesley},
  year      = {1973},
  bibsource = {DBLP, http://dblp.uni-trier.de}
}
